@article{portillasemiconductores,
  title={SEMICONDUCTORES DE POTENCIA. LOS TIRISTORES},
  author={Portilla, Franco}
}
