@article{pernia2011conceptos,
  title={Conceptos B{\'a}sicos de M{\'a}quinas de corriente continua},
  author={Pern{\'\i}a, Marino A},
  journal={San Crist{\'o}bal: Universidad Nacional Experimental del T{\'a}chira, Departamento de Ingenier{\'\i}a Electr{\'o}nica},
  year={2011}
}

